%% This BibTeX bibliography file was created using BibDesk.
%% http://bibdesk.sourceforge.net/


%% Created for Anders Lindstr√∂m at 2012-05-18 15:04:26 +0200 


%% Saved with string encoding Unicode (UTF-8) 

@misc{McCallum98acomparison,
    author = {Andrew McCallum and Kamal Nigam},
    title = { \href{http://citeseerx.ist.psu.edu/viewdoc/download?doi=10.1.1.65.9324&rep=rep1&type=pdf}{A comparison of event models for Naive Bayes text classification}},
    year = {1998}
}

@misc{Zhang04optimality,
    author = {Harry Zhang},
    title = {\href{http://www.aaai.org/Papers/FLAIRS/2004/Flairs04-097.pdf}{The Optimality of Naive Bayes}},
    year = {2004}
}

@misc{keywords,
    author = {Myungsook Klassen and Nikhila Paturi},
    title = {\href{http://robles.callutheran.edu/~mklassen/doc/NDT2010.pdf}{Web document classification by keywords using random forests}},
    year = {2010}
}

@misc{email,
    author = {Irena Koprinska and Josiah Poon and James Clark and Jason Chan},
    title = {\href{http://www.iro.umontreal.ca/~nie/IFT6255/class-email.pdf}{Learning to classify e-mail}},
    year = {2006}
}
